@article{Kassam2005,
author = {Aly-Khan Kassam and Lloyd N. Trefethen},
title = {{Fourth-Order Time-Stepping for Stiff PDEs}},
journal = {SIAM Journal on Scientific Computing},
volume = {26},
number = {4},
pages = {1214-1233},
year = {2005},
doi = {10.1137/S1064827502410633},
URL = {https://doi.org/10.1137/S1064827502410633},
eprint = {https://doi.org/10.1137/S1064827502410633}
}

@article{Cox2002,
author = {S.M. Cox and P.C. Matthews},
title = {{Exponential Time Differencing for Stiff Systems}},
journal = {Journal of Computational Physics},
volume = {176},
number = {2},
pages = {430--455},
year = {2002},
doi = {10.1006/jcph.2002.6995},
URL = {https://doi.org/10.1006/jcph.2002.6995}
}


@misc{GithubJFGrayScott,
  author = {Jeremy Fix},
  title = {GrayScott},
  year = {2017},
  publisher = {GitHub},
  journal = {GitHub repository},
  howpublished = {\url{https://github.com/jeremyfix/GrayScott}}
  }

@misc{NumpyFFT,
  title = {Numpy FFT Documentation},
  year = {2017},
  howpublished = {\url{https://docs.scipy.org/doc/numpy-1.13.0/reference/routines.fft.html#module-numpy.fft}}
}
